@misc{infosec,
	author = "Ryan Mazerik",
	title = "{DNS} {T}unneling",
	institution = "InfoSec Institute",
	howpublished = "Wpis na blogu służbowym. Dostęp zdalny (13.05.2019): \url{https://resources.infosecinstitute.com/dns-tunnelling/}",
	year = 2019
}
